
      <record>
         <leader>00000nz  a2200169   4500</leader>
         <controlfield tag="001">30002009</controlfield>
         <controlfield tag="003">RISM</controlfield>
         <controlfield tag="005">20160216</controlfield>
         <controlfield tag="008">160216n||az|||||||##########||||||||||||</controlfield>
         <datafield tag="040" ind1=" " ind2=" ">
            <subfield code="a">N-Bu</subfield>
         </datafield>
         <datafield tag="043" ind1=" " ind2=" ">
            <subfield code="c">XA-NO</subfield>
         </datafield>
         <datafield tag="110" ind1="2" ind2=" ">
            <subfield code="a">Universitetsbiblioteket</subfield>
            <subfield code="c">Bergen</subfield>
            <subfield code="g">N-Bu</subfield>
         </datafield>
         <datafield tag="410" ind1="2" ind2=" ">
            <subfield code="a">University of Bergen Library</subfield>
         </datafield>
         <datafield tag="622" ind1=" " ind2=" ">
            <subfield code="e">Universitetsbiblioteket, Fastings Minde, 5000 Bergen, Norway</subfield>
            <subfield code="u">http://www.ub.uib.no/</subfield>
         </datafield>
      </record>