
      <record>
         <leader>00000nz  a2200169   4500</leader>
         <controlfield tag="001">30002010</controlfield>
         <controlfield tag="003">RISM</controlfield>
         <controlfield tag="005">20160216</controlfield>
         <controlfield tag="008">160216n||az|||||||##########||||||||||||</controlfield>
         <datafield tag="040" ind1=" " ind2=" ">
            <subfield code="a">N-Oic</subfield>
         </datafield>
         <datafield tag="043" ind1=" " ind2=" ">
            <subfield code="c">XA-NO</subfield>
         </datafield>
         <datafield tag="110" ind1="2" ind2=" ">
            <subfield code="a">Norsk musikkinformasjon</subfield>
            <subfield code="c">Oslo</subfield>
            <subfield code="g">N-Oic</subfield>
         </datafield>
         <datafield tag="410" ind1="2" ind2=" ">
            <subfield code="a">Norwegian Music Information Centre</subfield>
         </datafield>
         <datafield tag="410" ind1="2" ind2=" ">
            <subfield code="a">Norwegian Music Information Centre c/o Tono</subfield>
         </datafield>
         <datafield tag="622" ind1=" " ind2=" ">
            <subfield code="e">Norsk musikkinformasjon, Henrik Ibsens gate 110, 0255 Oslo, Norway</subfield>
            <subfield code="u">http://www.mic.no/</subfield>
         </datafield>
      </record>