
      <record>
         <leader>00000nz  a2200169   4500</leader>
         <controlfield tag="001">30002011</controlfield>
         <controlfield tag="003">RISM</controlfield>
         <controlfield tag="005">20160216</controlfield>
         <controlfield tag="008">160216n||az|||||||##########||||||||||||</controlfield>
         <datafield tag="040" ind1=" " ind2=" ">
            <subfield code="a">N-Oim</subfield>
         </datafield>
         <datafield tag="043" ind1=" " ind2=" ">
            <subfield code="c">XA-NO</subfield>
         </datafield>
         <datafield tag="110" ind1="2" ind2=" ">
            <subfield code="a">Universitet i Oslo, Institutt for musikkvitenskap</subfield>
            <subfield code="c">Oslo</subfield>
            <subfield code="g">N-Oim</subfield>
         </datafield>
         <datafield tag="410" ind1="2" ind2=" ">
            <subfield code="a">Institute of Musicologie</subfield>
         </datafield>
         <datafield tag="410" ind1="2" ind2=" ">
            <subfield code="a">Institutt for musikk og teater, Avdeling for musikkvitenskap</subfield>
         </datafield>
         <datafield tag="622" ind1=" " ind2=" ">
            <subfield code="e">Universitet i Oslo, Institutt for, musikkvitenskap, ZEB-bygningen, Sem Sælands vei 2 A, 0371 Oslo, Norway</subfield>
            <subfield code="u">http://www.hf.uio.no/imv/</subfield>
         </datafield>
      </record>