
      <record>
         <leader>00000nz  a2200169   4500</leader>
         <controlfield tag="001">30002012</controlfield>
         <controlfield tag="003">RISM</controlfield>
         <controlfield tag="005">20160216</controlfield>
         <controlfield tag="008">160216n||az|||||||##########||||||||||||</controlfield>
         <datafield tag="040" ind1=" " ind2=" ">
            <subfield code="a">N-Ok</subfield>
         </datafield>
         <datafield tag="043" ind1=" " ind2=" ">
            <subfield code="c">XA-NO</subfield>
         </datafield>
         <datafield tag="110" ind1="2" ind2=" ">
            <subfield code="a">Norges musikkhøgskole, Biblioteket</subfield>
            <subfield code="c">Oslo</subfield>
            <subfield code="g">N-Ok</subfield>
         </datafield>
         <datafield tag="410" ind1="2" ind2=" ">
            <subfield code="a">Norwegian State Academy of Music, The Library</subfield>
         </datafield>
         <datafield tag="410" ind1="2" ind2=" ">
            <subfield code="a">Musik-Konservatoriet</subfield>
         </datafield>
         <datafield tag="410" ind1="2" ind2=" ">
            <subfield code="a">Musik-Konservatoriets Bibliotek</subfield>
         </datafield>
         <datafield tag="622" ind1=" " ind2=" ">
            <subfield code="e">Norges musikkhøgskole, Biblioteket, Slemdalsveien 11, 0363  Oslo, Norway</subfield>
            <subfield code="u">http://www.nmh.no/biblioteket</subfield>
         </datafield>
      </record>