
      <record>
         <leader>00000nz  a2200169   4500</leader>
         <controlfield tag="001">30002013</controlfield>
         <controlfield tag="003">RISM</controlfield>
         <controlfield tag="005">20160216</controlfield>
         <controlfield tag="008">160216n||az|||||||##########||||||||||||</controlfield>
         <datafield tag="040" ind1=" " ind2=" ">
            <subfield code="a">N-Onk</subfield>
         </datafield>
         <datafield tag="043" ind1=" " ind2=" ">
            <subfield code="c">XA-NO</subfield>
         </datafield>
         <datafield tag="110" ind1="2" ind2=" ">
            <subfield code="a">Norsk komponistforening</subfield>
            <subfield code="c">Oslo</subfield>
            <subfield code="g">N-Onk</subfield>
         </datafield>
         <datafield tag="410" ind1="2" ind2=" ">
            <subfield code="a">Society of Norwegian Composers</subfield>
         </datafield>
         <datafield tag="580" ind1=" " ind2=" ">
            <subfield code="x">N-Oic</subfield>
            <subfield code="0">30002010</subfield>
         </datafield>
         <datafield tag="622" ind1=" " ind2=" ">
            <subfield code="e">Norsk komponistforening, Kongens gate 4, 0153 Oslo, Norway</subfield>
            <subfield code="u">http://www.komponist.no/</subfield>
         </datafield>
      </record>