
      <record>
         <leader>00000nz  a2200169   4500</leader>
         <controlfield tag="001">30076022</controlfield>
         <controlfield tag="003">RISM</controlfield>
         <controlfield tag="005">20160216</controlfield>
         <controlfield tag="008">160216n||az|||||||##########||||||||||||</controlfield>
         <datafield tag="040" ind1=" " ind2=" ">
            <subfield code="a">N-Onm</subfield>
         </datafield>
         <datafield tag="043" ind1=" " ind2=" ">
            <subfield code="c">XA-NO</subfield>
         </datafield>
         <datafield tag="110" ind1="2" ind2=" ">
            <subfield code="a">Nasjonalbiblioteket, Norsk musikksamling</subfield>
            <subfield code="c">Oslo</subfield>
            <subfield code="g">N-Onm</subfield>
         </datafield>
         <datafield tag="622" ind1=" " ind2=" ">
            <subfield code="e">Nasjonalbiblioteket, Norsk musikksamling, Henrik Ibsens gate 110, 0255 Oslo, Norway</subfield>
            <subfield code="u">http://www.nb.no/</subfield>
         </datafield>
      </record>