
      <record>
         <leader>00000nz  a2200169   4500</leader>
         <controlfield tag="001">30002015</controlfield>
         <controlfield tag="003">RISM</controlfield>
         <controlfield tag="005">20160216</controlfield>
         <controlfield tag="008">160216n||az|||||||##########||||||||||||</controlfield>
         <datafield tag="040" ind1=" " ind2=" ">
            <subfield code="a">N-Or</subfield>
         </datafield>
         <datafield tag="043" ind1=" " ind2=" ">
            <subfield code="c">XA-NO</subfield>
         </datafield>
         <datafield tag="110" ind1="2" ind2=" ">
            <subfield code="a">Norsk rikskringkasting - NRK, Bibliotek</subfield>
            <subfield code="c">Oslo</subfield>
            <subfield code="g">N-Or</subfield>
         </datafield>
         <datafield tag="410" ind1="2" ind2=" ">
            <subfield code="a">Norwegian Broadcasting Corporation, The Library</subfield>
         </datafield>
         <datafield tag="410" ind1="2" ind2=" ">
            <subfield code="a">Norsk Rikskringkastings</subfield>
         </datafield>
         <datafield tag="410" ind1="2" ind2=" ">
            <subfield code="a">Norwegian Broadcasting Corporation</subfield>
         </datafield>
         <datafield tag="622" ind1=" " ind2=" ">
            <subfield code="e">Norsk rikskringkasting - NRK, Bibliotek, Bjørnstjerne Bjørnsons pl. 1, 0340 Oslo, Norway</subfield>
            <subfield code="u">http://nrk.no/</subfield>
         </datafield>
      </record>