
      <record>
         <leader>00000nz  a2200169   4500</leader>
         <controlfield tag="001">30002016</controlfield>
         <controlfield tag="003">RISM</controlfield>
         <controlfield tag="005">20160216</controlfield>
         <controlfield tag="008">160216n||az|||||||##########||||||||||||</controlfield>
         <datafield tag="040" ind1=" " ind2=" ">
            <subfield code="a">N-Ou</subfield>
         </datafield>
         <datafield tag="043" ind1=" " ind2=" ">
            <subfield code="c">XA-NO</subfield>
         </datafield>
         <datafield tag="110" ind1="2" ind2=" ">
            <subfield code="a">Universitetsbiblioteket, Bibliotek for humaniora og samfunnsvitenskap</subfield>
            <subfield code="c">Oslo</subfield>
            <subfield code="g">N-Ou</subfield>
         </datafield>
         <datafield tag="410" ind1="2" ind2=" ">
            <subfield code="a">University of Oslo, Library</subfield>
         </datafield>
         <datafield tag="622" ind1=" " ind2=" ">
            <subfield code="e">Universitetsbiblioteket, Bibliotek for, humaniora og samfunnsvitenskap, Georg Sverdrups hus, Moltke Moes vei 39, 0315 Oslo, Norway</subfield>
            <subfield code="u">http://www.ub.uio.no/</subfield>
         </datafield>
      </record>