
      <record>
         <leader>00000nz  a2200169   4500</leader>
         <controlfield tag="001">30002017</controlfield>
         <controlfield tag="003">RISM</controlfield>
         <controlfield tag="005">20160216</controlfield>
         <controlfield tag="008">160216n||az|||||||##########||||||||||||</controlfield>
         <datafield tag="040" ind1=" " ind2=" ">
            <subfield code="a">N-Oum</subfield>
         </datafield>
         <datafield tag="043" ind1=" " ind2=" ">
            <subfield code="c">XA-NO</subfield>
         </datafield>
         <datafield tag="110" ind1="2" ind2=" ">
            <subfield code="a">Universitetsbiblioteket, Norsk musikksamling</subfield>
            <subfield code="c">Oslo</subfield>
            <subfield code="g">N-Oum</subfield>
         </datafield>
         <datafield tag="580" ind1=" " ind2=" ">
            <subfield code="x">N-Onm</subfield>
            <subfield code="0">30076022</subfield>
         </datafield>
      </record>