
      <record>
         <leader>00000nz  a2200169   4500</leader>
         <controlfield tag="001">30000147</controlfield>
         <controlfield tag="003">RISM</controlfield>
         <controlfield tag="005">20160216</controlfield>
         <controlfield tag="008">160216n||az|||||||##########||||||||||||</controlfield>
         <datafield tag="040" ind1=" " ind2=" ">
            <subfield code="a">N-T</subfield>
         </datafield>
         <datafield tag="043" ind1=" " ind2=" ">
            <subfield code="c">XA-NO</subfield>
         </datafield>
         <datafield tag="110" ind1="2" ind2=" ">
            <subfield code="a">Gunnerusbiblioteket, Universitetsbiblioteket</subfield>
            <subfield code="c">Trondheim</subfield>
            <subfield code="g">N-T</subfield>
         </datafield>
         <datafield tag="410" ind1="2" ind2=" ">
            <subfield code="a">Kongelige Norske Videnskabers Selskab, Biblioteket</subfield>
         </datafield>
         <datafield tag="622" ind1=" " ind2=" ">
            <subfield code="e">Gunnerusbiblioteket,, Universitetsbiblioteket, Kalvskinnsgata 1B, 7012 Trondheim, Norway</subfield>
            <subfield code="u">http://www.ntnu.no/ub/omubit/bibliotekene/gunnerus-1</subfield>
         </datafield>
      </record>