
      <record>
         <leader>00000nz  a2200169   4500</leader>
         <controlfield tag="001">30002018</controlfield>
         <controlfield tag="003">RISM</controlfield>
         <controlfield tag="005">20160216</controlfield>
         <controlfield tag="008">160216n||az|||||||##########||||||||||||</controlfield>
         <datafield tag="040" ind1=" " ind2=" ">
            <subfield code="a">N-Tmi</subfield>
         </datafield>
         <datafield tag="043" ind1=" " ind2=" ">
            <subfield code="c">XA-NO</subfield>
         </datafield>
         <datafield tag="110" ind1="2" ind2=" ">
            <subfield code="a">Norges teknisk-naturvitenskapelig universitet, Musikkvitenskapelig institutt</subfield>
            <subfield code="c">Trondheim</subfield>
            <subfield code="g">N-Tmi</subfield>
         </datafield>
         <datafield tag="410" ind1="2" ind2=" ">
            <subfield code="a">Musikkvitenskapelig Institutt, Universitet i Trondheim, NLHT</subfield>
         </datafield>
         <datafield tag="410" ind1="2" ind2=" ">
            <subfield code="a">Institute of Musicology</subfield>
         </datafield>
         <datafield tag="622" ind1=" " ind2=" ">
            <subfield code="e">Norges teknisk-naturvitenskapelig,  universitet, Musikkvitenskapelig,  institutt, 7000  Trondheim, Norway</subfield>
         </datafield>
      </record>