
      <record>
         <leader>00000nz  a2200169   4500</leader>
         <controlfield tag="001">30080245</controlfield>
         <controlfield tag="003">RISM</controlfield>
         <controlfield tag="005">20160216</controlfield>
         <controlfield tag="008">160216n||az|||||||##########||||||||||||</controlfield>
         <datafield tag="040" ind1=" " ind2=" ">
            <subfield code="a">N-TTfederhofer</subfield>
         </datafield>
         <datafield tag="043" ind1=" " ind2=" ">
            <subfield code="c">NO</subfield>
         </datafield>
         <datafield tag="110" ind1="2" ind2=" ">
            <subfield code="a">Privatbibliothek Prof. Dr. Marie-Theres Federhofer</subfield>
            <subfield code="c">Tromsø-Tromsdalen</subfield>
            <subfield code="g">N-TTfederhofer</subfield>
         </datafield>
      </record>
   </collection>

